%%%%%%%%%%%%%%%%%%%%%%%%%%%%%%%%%%%%%%%%%%%%%%%%%%%%%%%%%%%%%%%%%%%%%%%%%%%%%%%%%%%%%%%%%%%%%
%                        References for Singular Integrals                                  %
%%%%%%%%%%%%%%%%%%%%%%%%%%%%%%%%%%%%%%%%%%%%%%%%%%%%%%%%%%%%%%%%%%%%%%%%%%%%%%%%%%%%%%%%%%%%%

@book{Harrington_book,
    author="R. F. Harrington",
    title="{Field computation by moment methods}",
    publisher="{New York: Macmillan, FL, Krieger}",
    year=1983,}

@book{Chew_book,
    author="W. C. Chew and J. M. Jin and J. M. Michielssen and J. M. Song",
    title="{Fast and efficient algorithms in computational electromagnetics}",
    publisher="{Boston, MA: Artech House}",
    year=2001,}

@book{Poggio_book,
    author="A. J. Poggio and E. K. Miller",
    title="{Integral equation solutions of three dimensional scattering problems}",
    publisher="in Computer Techniques for Electromagnetics, R. Mittra, Ed. Oxford, U.K.: Permagon",
    year=1973,}

@book{Colton_book,
    author="D. Colton and R. Kress",
    title="{Integral equation methods in scattering theory}",
    publisher="New York: Wiley",
    year=1984,}

@article{Rao1982,
    author="S. M. Rao and D. R. Wilton and A. W. Glisson",
    title="{Electromagnetic scattering by surfaces of arbitrary shape}",
    journal=IEEE_J_AP,
    volume=30,
    number=5,
    month=may,
    year=1982,
    pages="409--418"}

@book{Mosig_etal_book,
    author="J. R. Mosig and R. C. Hall and F. E. Gardiol",
    title="{Numerical analysis of microstrip patch antennas}",
    publisher="in Handbook of Microstrip Antennas, James and Hall, Eds. London: IEE-Peter Peregrinus",
    year=1989,}

@article{Michalski1997,
    author="K. A. Michalski and J. R. Mosig",
    title="{Multilayered media Green's functions in integral equation formulations}",
    journal=IEEE_J_AP,
    volume=45,
    number=3,
    month=mar,
    year=1997,
    pages="508--519"}

@article{Aksun1996,
    author="M. I. Aksun",
    title="{A robust approach for the derivation of closed-form Green's functions}",
    journal=IEEE_J_MTT,
    volume=44,
    number=5,
    month=may,
    year=1996,
    pages="651--658"}

@article{Qian2005,
    author="Z. {-}G. Qian and T. J. Cui and W. {-}B. Lu and X. {-}X. Yin and W. Hong and W. C. Chew",
    title="{An improved MoM model for line-fed patch antennas and printed circuits}",
    journal=IEEE_J_AP,
    volume=53,
    number=9,
    month=sep,
    year=2005,
    pages="2969--2976"}

@article{Wilton1984,
    author="D. R. Wilton and S. M. Rao and A. W. Glisson and D. H. Schaubert and O. M. AL-Bundak and C. M. Butler",
    title="{Potential integrals for uniform and linear source distributions on polygonal and polyhedral domains}",
    journal=IEEE_J_AP,
    volume=32,
    number=3,
    month=mar,
    year=1984,
    pages="276--281"}

@article{Caorsi1993,
    author="S. Caorsi and D. Moreno and F. Sidoti",
    title="{Theoretical and numerical treatment of surface integrals involving the free-space Green's function}",
    journal=IEEE_J_AP,
    volume=41,
    number=9,
    month=sep,
    year=1993,
    pages="1296--1301"}

@article{Graglia1993,
    author="R. D. Graglia",
    title="{On the numerical integration of the linear shape functions times the 3-D Green's function or its gradient on a plane triangle}",
    journal=IEEE_J_AP,
    volume=41,
    number=10,
    month=oct,
    year=1993,
    pages="1448--1455"}

@article{Eibert1995,
    author="T. F. Eibert and V. Hansen",
    title="{On the calculation of potential integrals for linear source distributions on triangular domains}",
    journal=IEEE_J_AP,
    volume=43,
    number=12,
    month=dec,
    year=1995,
    pages="1499--1502"}

@article{Ismatullah2008,
    author="Ismatullah and T. F. Eibert",
    title="{Adaptive singularity cancellation for efficient treatment of near-singular and near-hypersingular integrals in surface integral equation formulations}",
    journal=IEEE_J_AP,
    volume=56,
    number=1,
    month=jan,
    year=2008,
    pages="274--278"}

@article{Kaur2011,
    author="G. Kaur and A. E. Yilmaz",
    title="{A practical implementation and comparative assessment of the radial-angular-transform singularity cancellation method}",
    journal=IEEE_J_AP,
    volume=59,
    number=12,
    month=dec,
    year=2011,
    pages="4634--4642"}

@article{Zhu2011,
    author="M.-D. Zhu and X.-L. Zhou and W.-Y. Yin",
    title="{Radial integration scheme for handling weakly singular and near singular potential integrals}",
    journal=IEEE_J_AWPL,
    volume=10,
    year=2011,
    pages="792--795"}

@article{Notaros1997,
    author="B. M. Notaros and B. D. Popovic",
    title="{Optimized entire-domain moment-method analysis of 3D dielectric scatterers}",
    journal="Int. J. of Numerical Modelling: Electronic Networks, Devices and Fields",
    volume=10,
    year=1997,
    pages="177--192"}

@article{Bluck1997,
    author="M. J. Bluck and M. D.Pocock and S. P. Walker",
    title="{An accurate method for the calculation of singular integrals arising in time-domain integral equation analysis of electromagnetic scattering}",
    journal=IEEE_J_AP,
    volume=45,
    number=12,
    month=dec,
    year=1997,
    pages="1793--1798"}

@article{Arcioni1997,
    author="P. Arcioni and M. Bressan and L. Perregrini",
    title="{On the evaluation of the double surface integrals arising in the application of the boundary integral method to 3-D problems}",
    journal=IEEE_J_MTT,
    volume=45,
    number=3,
    month=mar,
    year=1997,
    pages="436--439"}

@article{Hodges1997,
    author="R. E. Hodges and Y. Rahmat-Samii",
    title="{The evaluation of MFIE integrals with the use of vector triangle  basis functions}",
    journal="Microwave Opt. Tech. Lett.",
    volume=14,
    number=1,
    month=jan,
    year=1997,
    pages="9--14",

@article{Johnston2003,
    author="B. M. Johnston and P. R. Johnston",
    title="{A comparison of transformation methods for evaluating  two-dimensional weakly singular integrals}",
    journal="Int. J. Numerical Methods Eng.",
    volume=56,
    year=2003,
    pages="589--607"}

@article{Jarvenpaa2003,
    author="{S. J\"{a}rvenp\"{a}\"{a} and M. Taskinen and P. Yl\"{a}-Oijala}",
    title="{Singularity extraction technique for integral equation methods with higher order basis functions on plane triangles and tetrahedra}",
    journal="Int. J. Numerical Methods Eng.",
    volume=58,
    month=aug,
    year=2003,
    pages="1149--1165"}

@article{Jarvenpaa2006,
    author="{S. J\"{a}rvenp\"{a}\"{a} and M. Taskinen and P. Yl\"{a}-Oijala}",
    title="{Singularity subtraction technique for high-order polynomial vector basis functions on planar triangles}",
    journal=IEEE_J_AP,
    volume=54,
    number=1,
    month=jan,
    year=2006,
    pages="42--49"}

@article{Oijala2003,
    author="{P. Yl\"{a}-Oijala and M. Taskinen}",
    title="{Calculation of CFIE impedance matrix elements with RWG and $\hat{n}\times$ RWG functions}",
    journal=IEEE_J_AP,
    volume=51,
    number=8,
    month=aug,
    year=2003,
    pages="1837--1846"}

@article{Khayat2005,
    author="M. A. Khayat and D. R. Wilton",
    title="{Numerical evaluation of singular and near-singular potential integrals}",
    journal=IEEE_J_AP,
    volume=53,
    number=10,
    month=oct,
    year=2005,
    pages="3180--3190"}

@article{Telles1987,
    author="J. F. Telles",
    title="{A self-adaptive co-ordinate transformation for efficient numerical  evaluation of general boundary element integrals}",
    journal="Int. J. Numerical Methods Eng.",
    volume=24,
    year=1987,
    pages="959--973"}

@article{Graglia1987,
    author="R. D. Graglia",
    title="{Static and dynamic potential integrals for linearly varying source distributions in two- and three-dimensional problems}",
    journal=IEEE_J_AP,
    volume=35,
    number=6,
    month=jun,
    year=1987,
    pages="662--669"}

@article{Schwab1992,
    author="C. Schwab and W. L. Wendland",
    title="{On numerical cubatures of singular surface integrals in boundary element methods}",
    journal="Numer. Math.",
    volume=62,
    year=1992,
    pages="343--369"}

@article{Klees1996,
    author="R. Klees",
    title="{Numerical calculation of weakly singular surface integrals}",
    journal="J. Geodesy.",
    volume=70,
    year=1993,
    pages="781--797"}

@article{Rossi1999,
    author="L. Rossi and P. J. Cullen",
    title="{On the fully numerical evaluation of the linear-shape function times the 3-D Green's function on a plane triangle}",
    journal=IEEE_J_MTT,
    volume=47,
    number=4,
    month=apr,
    year=1999,
    pages="398--402"}

@article{Herschlein2002,
    author="A. Herschlein and J. v. Hagen and W. Wiesbeck",
    title="{Methods for the evaluation of regular weakly singular and strongly singular surface reaction integrals arising in method of moments}",
    journal="ACES Journal",
    volume=17,
    number=1,
    month=mar,
    year=2002,
    pages="63--73"}

@article{Cai2002,
    author="W. Cai and Y. Yu and X. C. Yuan",
    title="{Singularity treatment and high-order RWG basis functions  for integral equations of electromagnetic scattering}",
    journal="Int. J. Numerical Methods Eng.",
    volume=53,
    year=2002,
    pages="31--47"}

@article{Tang2006,
    author="W. -H. Tang, and S. D. Gedney",
    title="{An efficient evaluation of near singular surface integrals via the Khayat-Wilton transform}",
    journal="Microwave Opt. Tech. Lett.",
    volume=48,
    number=8,
    month=aug,
    year=2006,
    pages="1583--1586"}

@article{Tong2007,
    author="M. S. Tong  and W. C. Chew",
    title="{Super-hyper singularity treatment for solving 3D electric field  integral equations}",
    journal="Microwave Opt. Tech. Lett.",
    volume=49,
    number=6,
    month=jun,
    year=2007,
    pages="1383--1388"}

@article{Taylor2003,
    author="D. J. Taylor",
    title="{Accurate and efficient numerical integration of weakly singular integrals in Galerkin EFIE solutions}",
    journal=IEEE_J_AP,
    volume=51,
    number=7,
    month=jul,
    year=2003,
    pages="1630--1637"}

@article{Duffy1982,
    author="M. G. Duffy",
    title="{Quadrature over a pyramid or cube of integrands with a singularity at a vertex}",
    journal="SIAM. J. Numer. Anal.",
    volume=19,
    number=6,
    year=1982,
    pages="1260--1262"}

@article{Gray2004,
    author="L. J. Gray and J. M. Glaeser and T. Kaplan",
    title="{Direct evaluation of hypersingular Galerkin surface integrals}",
    journal="SIAM J. Sci. Comput.",
    volume=25,
    number=5,
    year=2004,
    pages="1534--1556"}

@article{Gray2006,
    author="L. J. Gray and A. Salvadori and A. -V. Phan and A.~Mantic",
    title="{Direct evaluation of hypersingular Galerkin surface integrals. II}",
    journal="Electronic Journal of Boundary Elements",
    volume=4,
    number=3,
    year=2006,
    pages="105--130"}

@article{Graglia2008,
    author="R. D. Graglia and G. Lombardi",
    title="{Machine precision evaluation of singular and nearly singular potential integrals by use of Gauss quadrature formulas for rational functions}",
    journal=IEEE_J_AP,
    volume=56,
    number=4,
    month=apr,
    year=2008,
    pages="981--998"}

@book{Gray_book,
    author="V. Sladek and J. Sladek",
    title="{Singular integrals in boundary element method}",
    publisher="{Advances in Boundary Elements, Computational Mechanics Publishers}",
    year=1998,}

@article{Fink2008,
    author="P. W. Fink and D. R. Wilton and M. A. Khayat",
    title="{Simple and efficient numerical evaluation of near-hypersingular integrals}",
    journal=IEEE_J_AWPL,
    volume=7,
    year=2008,
    pages="469--472"}

@article{Polimeridis2008,
    author="A. G. Polimeridis and T. V. Yioultsis",
    title="{On the direct evaluation of weakly singular integrals in Galerkin mixed potential integral equation formulations}",
    journal=IEEE_J_AP,
    volume=56,
    number=9,
    month=sep,
    year=2008,
    pages="3011--3019"}

@article{Polimeridis2010b,
    author="A. G. Polimeridis and J. R. Mosig",
    title="{Evaluation of weakly singular integrals via generalized Cartesian product rules based on the double exponential formula}",
    journal=IEEE_J_AP,
    volume=58,
    number=6,
    month=jun,
    year=2010,
    pages="1980--1988"}

@article{Polimeridis2010c,
    author="A. G. Polimeridis and J. R. Mosig",
    title="{Complete semi-analytical treatment of weakly singular integrals on planar triangles via the direct evaluation method}",
    journal="Int. J. Numerical Methods Eng.",
    volume=83,
    year=2010,
    pages="1625--1650"}

@article{Polimeridis2011,
    author="A. G. Polimeridis and J. M. Tamayo and J. M. Rius and J. R. Mosig",
    title="{Fast and accurate computation of hyper-singular integrals in Galerkin surface integral equation formulations via the direct evaluation}",
    journal=IEEE_J_AP,
    volume=59,
    number=6,
    month=jun,
    year=2011,
    pages="2329--2340"}

@article{Polimeridis2011b,
    author="A. G. Polimeridis and J. R. Mosig",
    title="{On the direct evaluation of surface integral equation impedance matrix elements involving point singularities}",
    journal=IEEE_J_AWPL,
    volume=10,
    year=2011,
    pages="599--602"}
    
@article{Polimeridis2013,
	author = "A. G. Polimeridis and F. Vipiana and J. R. Mosig and D. R. Wilton",
	title = "{DIRECTFN: Fully numerical algorithms for high precision computation of singular integrals in Galerkin SIE methods}",
	journal=IEEE_J_AP,
	volume=61,
	number=6,
	month=jun,
	year=2013,
	pages="3112--3122"
	}


@article{Pena2011,
    author="{S. Lopez-Pena and A. G. Polimeridis and J. R. Mosig}",
    title="{On the analytic-numeric treatment of weakly singular integrals on arbitrary polygonal domains}",
    journal="Prog. Electromagn. Res. PIER",
    volume=117,
    year=2011,
    pages="339--355"}


@article{Kataja2013,
    author="J. Kataha and A. G. Polimeridis and J. R. Mosig and P. Yla-Oijala",
    title="{Analytical shape derivatives of the MFIE system matrix discretized with RWG functions}",
    journal=IEEE_J_AP,
    volume=61,
    number=2,
    month=feb,
    year=2013,
    pages="985--988"}

@article{Chakraborty2004,
    author="S. Chakraborty and V. Jandhyala",
    title="{Evaluation of Green's function integrals in conducting media}",
    journal=IEEE_J_AP,
    volume=52,
    number=12,
    month=dec,
    year=2004,
    pages="3357--3363"}
    

@article{Zhou2006,
    author="H. -X. Zhou and W. Hong and G. Hua",
    title="{An accurate approach for the calculation of MoM matrix elements}",
    journal=IEEE_J_AP,
    volume=54,
    number=4,
    month=apr,
    year=2006,
    pages="1185--1191"}

@article{Gurel2005,
    author="{L. G\"{u}rel and \"{O}. Erg\"{u}l}",
    title="{Singularity of the magnetic-field integral equation and its extraction}",
    journal=IEEE_J_AWPL,
    volume=4,
    year=2005,
    pages="229--232"}

@article{Tong2009,
    author="M. S. Tong  and W. C. Chew",
    title="{On the near-interaction elements in integral equation solvers for electromagnetic scattering by three-dimensional thin objects}",
    journal=IEEE_J_AP,
    volume=57,
    number=8,
    month=aug,
    year=2009,
    pages="2500--2506"}

@article{Hanninen2006,
    author="{I. H\"{a}nninen and M. Taskinen and J. Sarvas}",
    title="{Singularity subtraction integral formulae for surface integral equations with RWG, rooftop and hybrid basis functions}",
    journal="Prog. Electromagn. Res. PIER",
    volume=63,
    year=2006,
    pages="243--278"}

@article{Tzoulis2004,
    author="A. Tzoulis and T. F. Eibert",
    title="{Review of singular potential integrals for method of moments solutions of surface integral equations}",
    journal="Advances in Radio Science",
    volume=2,
    year=2004,
    pages="93--99"}

@article{Dunavant,
    author="D. A. Dunavant",
    title="{High degree efficient symmetrical gaussian quadrature rules for the triangle}",
    journal="International Journal for Num. Methods in Eng.",
    volume=21,
    year=1985,
    pages="1129--1148"}


@article{Quality1,
    author="J. R. Shewchuk",
    title="{Triangle: Engineering a 2D Quality Mesh Generator and Delaunay Triangulator}",
    journal="Applied Computational Geometry: Towards Geometric Engineering",
    volume=1148,
    year=1996,
    pages="203--222"}

@article{Quality2,
    author="J. R. Shewchuk",
    title="{Delaunay Refinement Algorithms for Triangular Mesh Generation}",
    journal="Computational Geometry: Theory and Applications",
    volume=22,
    year=2002,
    pages="21--74"}

@article{Quality3,
    author="P. Persson and G. Strang",
    title="{A Simple Mesh Generator in MATLAB}",
    journal="SIAM REVIEW",
    volume=46,
    year=2004,
    pages="329--345"}

@article{Quality4,
    author="P. A. Foteinos and A. N. Chernikov and N. P. Chrisochoides",
    title="{Fully generalized two-dimensional constrained delaunay mesh refinement}",
    journal="SIAM J. Sci. Comput.",
    volume=32,
    year=2010,
    pages="2659--2686"}

@article{Ubeda1,
    author="E. Ubeda and J. M. Rius",
    title="{MFIE MoM-formulation with curl-conforming basis functions and accurate Kernel-integration in the analysis of perfectly conducting sharp-edged objects}",
    journal="Microwave and Optical Technology letters",
    volume=44,
    number = 4,
    year=2005}

@article{Ubeda2,
    author="E. Ubeda and J. M. Rius",
    title="{Comments on ``The use of Curl-conforming Basis functions for the Magnetic-Field Integral Equation''}",
    journal="IEEE Transactions on Antennas and Propagation",
    volume=56,
    year=2008
    pages="2142--2142"}

@article{Polimeridis2011,
    author="A. G. Polimeridis and J. M. Tamayo and J. M. Rius and J. R. Mosig",
    title="{Fast and accurate computation of hyper-singular integrals in Galerkin surface integral equation formulations via the direct evaluation method}",
    journal=IEEE_J_AP,
    month="to appear",
    year=2011}

@article{Buffa2007,
    author="A. Buffa and S. H. Christiansen",
    title="{A dual finite element complex on the barycentric refinement}",
    journal="Mathematics of Computation",
    volume=76,
    number=260,
    year=2007,
    pages="1743--1769"}

@article{Asvestas2010,
    author="J. S. Asvestas and S. P. Yankovich and O. E. Allen",
    title="{Calculation of the impedance matrix inner integral to prescribed accuracy}",
    journal=IEEE_J_AP,
    volume=58,
    number=2,
    month=feb,
    year=2010,
    pages="479--487"}

@book{Sauter_book,
    author="S. A. Sauter and C. Schwab",
    title="{Boundary element methods}",
    publisher="{Springer Series in Computational Mathematics 39, Springer-Verlag}",
    year=2010,}

@book{Buffa_book,
    author="A.~Buffa and R. Hiptmair",
    title="{Galerkin boundary element methods for electromagnetic scattering}",
    publisher="{in Topics in Computational Wave Propagation and Inverse Problems, M. Ainsworth et al., eds., Vol. 31, pp. 83-124, Springer-Verlag}",
    year=2003}

@article{Erichsen1998,
    author="S. Erichsen and S. Sauter",
    title="{Efficient automatic quadrature in 3-D Galerkin BEM}",
    journal="Comp. Methods Appl. Eng.",
    volume=157,
    year=1998,
    pages="215--224"}

@article{Andra1997,
    author="H. Andra and E. Schnack",
    title="{Integration of singular Galerkin-type boundary element integrals for 3D elasticity problems}",
    journal="Math. Comput.",
    volume=76,
    year=1997,
    pages="143--165"}

@article{Andriulli2008,
    author="F. P. Andriulli and K. Cools and H. Bagci and F. Olyslager and A. Buffa. and S. Christiansen and E. Michielssen",
    title="{A multiplicative Calderon preconditioner for the electric field integral equation}",
    journal=IEEE_J_AP,
    volume=56,
    number=8,
    month=aug,
    year=2008,
    pages="2398--2412"}

@article{Cools2011,
    author="K. Cools and F. P. Andriulli and D. {De Zutter} and E. Michielssen",
    title="{Accurate and conforming mixed discretization of the MFIE}",
    journal=IEEE_J_AWPL,
    volume=10,
    year=2011,
    pages="528--531"}

@article{Oijala2010,
    author="P. Yla-Oijala and S. P. Kiminki and S. J{\"{a}}rvenp{\"{a}}{\"{a}}",
    title="{Solving IBC-CFIE with dual basis functions}",
    journal=IEEE_J_AP,
    volume=58,
    number=12,
    month=dec,
    year=2010,
    pages="3997--4004"}

@article{Yan2011,
    author="S. Yan and J. M. Jin and Z. Nie",
    title="{Improving the accuracy of the second-kind Fredholm integral equations by using the Buffa-Christiansen functions}",
    journal=IEEE_J_AP,
    volume=59,
    number=4,
    month=apr,
    year=2011,
    pages="1299--1310"}

@article{Tong2009b,
    author="M. S. Tong  and W. C. Chew and B. J. Rubin and J. D. Morsey and L. Jiang",
    title="{On the dual basis for solving electromagnetic surface integral equations}",
    journal=IEEE_J_AP,
    volume=57,
    number=10,
    month=dec,
    year=2009,
    pages="3136--3146"}

@article{Chen1990,
    author="Q. Chen and D. R. Wilton",
    title="{Electromagnetic scattering by three-dimensional arbitrary complex material/conducting objects}",
    journal="Proc. Antennas Propag, Soc. Int. Symp.",
    year=1990,
    pages="590--593"}

@article{Vipiana2012,
    author="F. Vipiana and D. R. Wilton and W. A. Johnson",
    title="{Strongly near-singular integral evaluation for curvilinear elements}",
    journal="Proc. 6th European Conference on Antennas and Propagation",
    year=2012,
    pages="695--696"}

@article{Djordjevic2004,
    author="M. Djordjevi\'{c} and B. M. Notaro\v{s}",
    title="{Double higher order method of moments for surface integral equation modeling of metallic and dielectric antennas and scatterers}",
    journal=IEEE_J_AP,
    volume=52,
    number=8,
    month=aug,
    year=2004,
    pages="2118--2129"}

@article{Notaros2008,
    author="B. M. Notaro\v{s}",
    title="{Higher order frequency-domain computational electromagnetics}",
    journal=IEEE_J_AP,
    volume=56,
    number=8,
    month=aug,
    year=2008,
    pages="2251--2276"}

@article{Ding2009,
    author="W. Ding and G. Wang",
    title="{Treatment of singular integrals on generalized curvilinear parametric quadrilaterals in higher order method of moments}",
    journal=IEEE_J_AWPL,
    volume=8,
    year=2009,
    pages="1310--1313"}

@article{Jorgensen2004,
    author="E. J{\o}rgensen and J. L. Volakis and P. Meincke and O. Breinbjerg",
    title="{Higher order hierarchical Legendre basis functions for electromagnetic modeling}",
    journal=IEEE_J_AP,
    volume=52,
    number=11,
    month=nov,
    year=2004,
    pages="2985--2995"}

@article{Yuan2009,
    author="H. Yuan and N. Wang and C. Liang",
    title="{Combining the higher order method of moments with geometric modeling by NURBS surfaces}",
    journal=IEEE_J_AP,
    volume=57,
    number=11,
    month=nov,
    year=2009,
    pages="3558--3563"}

@article{Hsiao1997,
    author="G. C. Hsiao and R. E. Kleinman",
    title="{Mathematical foundations for error estimation in numerical solutions of integral equations in electromagnetics}",
    journal=IEEE_J_AP,
    volume=45,
    number=3,
    month=mar,
    year=1997,
    pages="316--328"}

@article{Bogaert2011,
    author="I. Bogaert and K. Cools and F. P.  Andriulli and J. Peeters and D. De Zutter",
    title="{Low frequency stability of the mixed discretization of the MFIE}",
    journal="Proc. 5th European Conference on Antennas and Propagation",
    year=2011,
    pages="2463--2465"}

@article{Graglia1997,
    author="R. D. Graglia and D. R. Wilton and A. F. Peterson",
    title="{Higher order interpolatory vector bases for computational electromagnetics}",
    journal=IEEE_J_AP,
    volume=45,
    number=3,
    month=mar,
    year=1997,
    pages="329--342"}
    
@article{Manich2014,
	author = "A. Mani\'{c} and M. Djordjevi\'{c} and B. M. Notaro\v{s}",
	title = "{Duffy method for evaluation of weakly singular SIE
	potential integrals over curved quadrilaterals
	with higher order basis functions}",
	journal=IEEE_J_AP,
	volume=62,
	number=6,
	month=june,
	year=2014,
	pages="3338--3343"
	}
	
@article{Chang2013,
	author = {R. Chang and V. Lomakin},
	title = {Quadrilateral Barycentric Basis Functions
	for Surface Integral Equations},
	journal=IEEE_J_AP,
	volume=61,
	number=12,
	month=dec,
	year=2013,
	pages="6039--6050"
	}

@article{Botha2013,
	author = {M. M. Botha},
	title = "{A family of augmented Duffy transformations for near-singularity cancellation quadrature}",
	journal=IEEE_J_AP,
	volume=61,
	number=4,
	month=jun,
	year=2013,
	pages="3123--3134"
	}
%%%%%%%%%%%%%%%%%%%%%%%%%%%%%%%%%%%%%%%%%%%%%%%%%%%%%%%%%%%%%%%%%%%%%%%%%%%%%%%%%%%%%%%%%%%%%
%                        References for Singular Integrals                                  %
%%%%%%%%%%%%%%%%%%%%%%%%%%%%%%%%%%%%%%%%%%%%%%%%%%%%%%%%%%%%%%%%%%%%%%%%%%%%%%%%%%%%%%%%%%%%%

@article{Polimeridis2008,
    author="A. G. Polimeridis and T. V. Yioultsis",
    title="{On the direct evaluation of weakly singular integrals in Galerkin mixed potential integral equation formulations}",
    journal=IEEE_J_AP,
    volume=56,
    number=9,
    month=sep,
    year=2008,
    pages="3011--3019"}

@article{Polimeridis2010b,
    author="A. G. Polimeridis and J. R. Mosig",
    title="{Evaluation of weakly singular integrals via generalized Cartesian product rules based on the double exponential formula}",
    journal=IEEE_J_AP,
    volume=58,
    number=6,
    month=jun,
    year=2010,
    pages="1980--1988"}

@article{Polimeridis2010c,
    author="A. G. Polimeridis and J. R. Mosig",
    title="{Complete semi-analytical treatment of weakly singular integrals on planar triangles via the direct evaluation method}",
    journal="Int. J. Numerical Methods Eng.",
    volume=83,
    year=2010,
    pages="1625--1650"}

@article{Polimeridis2011,
    author="A. G. Polimeridis and J. M. Tamayo and J. M. Rius and J. R. Mosig",
    title="{Fast and accurate computation of hyper-singular integrals in Galerkin surface integral equation formulations via the direct evaluation}",
    journal=IEEE_J_AP,
    volume=59,
    number=6,
    month=jun,
    year=2011,
    pages="2329--2340"}

@article{Polimeridis2011b,
    author="A. G. Polimeridis and J. R. Mosig",
    title="{On the direct evaluation of surface integral equation impedance matrix elements involving point singularities}",
    journal=IEEE_J_AWPL,
    volume=10,
    year=2011,
    pages="599--602"}
    
@article{Polimeridis2013,
	author = "A. G. Polimeridis and F. Vipiana and J. R. Mosig and D. R. Wilton",
	title = "{DIRECTFN: Fully numerical algorithms for high precision computation of singular integrals in Galerkin SIE methods}",
	journal=IEEE_J_AP,
	volume=61,
	number=6,
	month=jun,
	year=2013,
	pages="3112--3122"
	}


@article{Pena2011,
    author="{S. Lopez-Pena and A. G. Polimeridis and J. R. Mosig}",
    title="{On the analytic-numeric treatment of weakly singular integrals on arbitrary polygonal domains}",
    journal="Prog. Electromagn. Res. PIER",
    volume=117,
    year=2011,
    pages="339--355"}



@article{Kataja2012,
    author="J. Kataha and A. G. Polimeridis and J. R. Mosig and P. Yla-Oijala",
    title="{Analytical shape derivatives of the MFIE system matrix discretized with RWG functions}",
    journal="IEEE Trans. Antennas Propag. {\rm (in press)}",
    year=2012}

@article{Chakraborty2004,
    author="S. Chakraborty and V. Jandhyala",
    title="{Evaluation of Green's function integrals in conducting media}",
    journal=IEEE_J_AP,
    volume=52,
    number=12,
    month=dec,
    year=2004,
    pages="3357--3363"}
    
   @article{Vipiana2013,
    author="F. Vipiana and D. R. Wilton",
    title="{Numerical evaluation via singularity cancellation schemes of near-singular integrals involving the gradient of Helmholtz-type potentials}",
     journal=IEEE_J_AP,
    volume=61,
    number=3,
    month=mar,
    year=2013,
    pages="1255--1265"}

@article{Zhou2006,
    author="H. -X. Zhou and W. Hong and G. Hua",
    title="{An accurate approach for the calculation of MoM matrix elements}",
    journal=IEEE_J_AP,
    volume=54,
    number=4,
    month=apr,
    year=2006,
    pages="1185--1191"}

@article{Gurel2005,
    author="{L. G\"{u}rel and \"{O}. Erg\"{u}l}",
    title="{Singularity of the magnetic-field integral equation and its extraction}",
    journal=IEEE_J_AWPL,
    volume=4,
    year=2005,
    pages="229--232"}

@article{Tong2009,
    author="M. S. Tong  and W. C. Chew",
    title="{On the near-interaction elements in integral equation solvers for electromagnetic scattering by three-dimensional thin objects}",
    journal=IEEE_J_AP,
    volume=57,
    number=8,
    month=aug,
    year=2009,
    pages="2500--2506"}

@article{Hanninen2006,
    author="{I. H\"{a}nninen and M. Taskinen and J. Sarvas}",
    title="{Singularity subtraction integral formulae for surface integral equations with RWG, rooftop and hybrid basis functions}",
    journal="Prog. Electromagn. Res. PIER",
    volume=63,
    year=2006,
    pages="243--278"}

@article{Tzoulis2004,
    author="A. Tzoulis and T. F. Eibert",
    title="{Review of singular potential integrals for method of moments solutions of surface integral equations}",
    journal="Advances in Radio Science",
    volume=2,
    year=2004,
    pages="93--99"}

@article{Dunavant,
    author="D. A. Dunavant",
    title="{High degree efficient symmetrical gaussian quadrature rules for the triangle}",
    journal="International Journal for Num. Methods in Eng.",
    volume=21,
    year=1985,
    pages="1129--1148"}


@article{Quality1,
    author="J. R. Shewchuk",
    title="{Triangle: Engineering a 2D Quality Mesh Generator and Delaunay Triangulator}",
    journal="Applied Computational Geometry: Towards Geometric Engineering",
    volume=1148,
    year=1996,
    pages="203--222"}

@article{Quality2,
    author="J. R. Shewchuk",
    title="{Delaunay Refinement Algorithms for Triangular Mesh Generation}",
    journal="Computational Geometry: Theory and Applications",
    volume=22,
    year=2002,
    pages="21--74"}

@article{Quality3,
    author="P. Persson and G. Strang",
    title="{A Simple Mesh Generator in MATLAB}",
    journal="SIAM REVIEW",
    volume=46,
    year=2004,
    pages="329--345"}

@article{Quality4,
    author="P. A. Foteinos and A. N. Chernikov and N. P. Chrisochoides",
    title="{Fully generalized two-dimensional constrained delaunay mesh refinement}",
    journal="SIAM J. Sci. Comput.",
    volume=32,
    year=2010,
    pages="2659--2686"}

@article{Ubeda1,
    author="E. Ubeda and J. M. Rius",
    title="{MFIE MoM-formulation with curl-conforming basis functions and accurate Kernel-integration in the analysis of perfectly conducting sharp-edged objects}",
    journal="Microwave and Optical Technology letters",
    volume=44,
    number = 4,
    year=2005}



@article{Buffa2007,
    author="A. Buffa and S. H. Christiansen",
    title="{A dual finite element complex on the barycentric refinement}",
    journal="Mathematics of Computation",
    volume=76,
    number=260,
    year=2007,
    pages="1743--1769"}

@article{Asvestas2010,
    author="J. S. Asvestas and S. P. Yankovich and O. E. Allen",
    title="{Calculation of the impedance matrix inner integral to prescribed accuracy}",
    journal=IEEE_J_AP,
    volume=58,
    number=2,
    month=feb,
    year=2010,
    pages="479--487"}

@book{Sauter_book,
    author="S. A. Sauter and C. Schwab",
    title="{Boundary element methods}",
    publisher="{Springer Series in Computational Mathematics 39, Springer-Verlag}",
    year=2010,}

@book{Buffa_book,
    author="A.~Buffa and R. Hiptmair",
    title="{Galerkin boundary element methods for electromagnetic scattering}",
    publisher="{in Topics in Computational Wave Propagation and Inverse Problems, M. Ainsworth et al., eds., Vol. 31, pp. 83-124, Springer-Verlag}",
    year=2003}

@article{Erichsen1998,
    author="S. Erichsen and S. Sauter",
    title="{Efficient automatic quadrature in 3-D Galerkin BEM}",
    journal="Comp. Methods Appl. Eng.",
    volume=157,
    year=1998,
    pages="215--224"}

@article{Andra1997,
    author="H. Andra and E. Schnack",
    title="{Integration of singular Galerkin-type boundary element integrals for 3D elasticity problems}",
    journal="Math. Comput.",
    volume=76,
    year=1997,
    pages="143--165"}

@article{Andriulli2008,
    author="F. P. Andriulli and K. Cools and H. Bagci and F. Olyslager and A. Buffa. and S. Christiansen and E. Michielssen",
    title="{A multiplicative Calderon preconditioner for the electric field integral equation}",
    journal=IEEE_J_AP,
    volume=56,
    number=8,
    month=aug,
    year=2008,
    pages="2398--2412"}

@article{Cools2011,
    author="K. Cools and F. P. Andriulli and D. {De Zutter} and E. Michielssen",
    title="{Accurate and conforming mixed discretization of the MFIE}",
    journal=IEEE_J_AWPL,
    volume=10,
    year=2011,
    pages="528--531"}

@article{Oijala2010,
    author="P. Yla-Oijala and S. P. Kiminki and S. J{\"{a}}rvenp{\"{a}}{\"{a}}",
    title="{Solving IBC-CFIE with dual basis functions}",
    journal=IEEE_J_AP,
    volume=58,
    number=12,
    month=dec,
    year=2010,
    pages="3997--4004"}

@article{Yan2011,
    author="S. Yan and J. M. Jin and Z. Nie",
    title="{Improving the accuracy of the second-kind Fredholm integral equations by using the Buffa-Christiansen functions}",
    journal=IEEE_J_AP,
    volume=59,
    number=4,
    month=apr,
    year=2011,
    pages="1299--1310"}

@article{Tong2009b,
    author="M. S. Tong  and W. C. Chew and B. J. Rubin and J. D. Morsey and L. Jiang",
    title="{On the dual basis for solving electromagnetic surface integral equations}",
    journal=IEEE_J_AP,
    volume=57,
    number=10,
    month=dec,
    year=2009,
    pages="3136--3146"}

@article{Chen1990,
    author="Q. Chen and D. R. Wilton",
    title="{Electromagnetic scattering by three-dimensional arbitrary complex material/conducting objects}",
    journal="Proc. Antennas Propag, Soc. Int. Symp.",
    year=1990,
    pages="590--593"}

@article{Vipiana2012,
    author="F. Vipiana and D. R. Wilton and W. A. Johnson",
    title="{Strongly near-singular integral evaluation for curvilinear elements}",
    journal="Proc. 6th European Conference on Antennas and Propagation",
    year=2012,
    pages="695--696"}

@article{Djordjevic2004,
    author="M. Djordjevi\'{c} and B. M. Notaro\v{s}",
    title="{Double higher order method of moments for surface integral equation modeling of metallic and dielectric antennas and scatterers}",
    journal=IEEE_J_AP,
    volume=52,
    number=8,
    month=aug,
    year=2004,
    pages="2118--2129"}

@article{Notaros2008,
    author="B. M. Notaro\v{s}",
    title="{Higher order frequency-domain computational electromagnetics}",
    journal=IEEE_J_AP,
    volume=56,
    number=8,
    month=aug,
    year=2008,
    pages="2251--2276"}

@article{Ding2009,
    author="W. Ding and G. Wang",
    title="{Treatment of singular integrals on generalized curvilinear parametric quadrilaterals in higher order method of moments}",
    journal=IEEE_J_AWPL,
    volume=8,
    year=2009,
    pages="1310--1313"}

@article{Jorgensen2004,
    author="E. J{\o}rgensen and J. L. Volakis and P. Meincke and O. Breinbjerg",
    title="{Higher order hierarchical Legendre basis functions for electromagnetic modeling}",
    journal=IEEE_J_AP,
    volume=52,
    number=11,
    month=nov,
    year=2004,
    pages="2985--2995"}

@article{Yuan2009,
    author="H. Yuan and N. Wang and C. Liang",
    title="{Combining the higher order method of moments with geometric modeling by NURBS surfaces}",
    journal=IEEE_J_AP,
    volume=57,
    number=11,
    month=nov,
    year=2009,
    pages="3558--3563"}

@article{Hsiao1997,
    author="G. C. Hsiao and R. E. Kleinman",
    title="{Mathematical foundations for error estimation in numerical solutions of integral equations in electromagnetics}",
    journal=IEEE_J_AP,
    volume=45,
    number=3,
    month=mar,
    year=1997,
    pages="316--328"}

@article{Bogaert2011,
    author="I. Bogaert and K. Cools and F. P.  Andriulli and J. Peeters and D. De Zutter",
    title="{Low frequency stability of the mixed discretization of the MFIE}",
    journal="Proc. 5th European Conference on Antennas and Propagation",
    year=2011,
    pages="2463--2465"}

@article{Graglia1997,
    author="R. D. Graglia and D. R. Wilton and A. F. Peterson",
    title="{Higher order interpolatory vector bases for computational electromagnetics}",
    journal=IEEE_J_AP,
    volume=45,
    number=3,
    month=mar,
    year=1997,
    pages="329--342"}
    
@article{Manich2014,
	author = "A. Mani\'{c} and M. Djordjevi\'{c} and B. M. Notaro\v{s}",
	title = "{Duffy method for evaluation of weakly singular SIE
	potential integrals over curved quadrilaterals
	with higher order basis functions}",
	journal=IEEE_J_AP,
	volume=62,
	number=6,
	month=june,
	year=2014,
	pages="3338--3343"
	}
	
@article{Chang2013,
	author = {R. Chang and V. Lomakin},
	title = {Quadrilateral Barycentric Basis Functions
	for Surface Integral Equations},
	journal=IEEE_J_AP,
	volume=61,
	number=12,
	month=dec,
	year=2013,
	pages="6039--6050"
	}

@book{Kolundzija_book,
	author="B. M. Kolundzija and A. R. Djordjevic",
	title="{Electromagnetic modeling of composite metallic and dielectric structures}",
	publisher="Artech House",
	year=2002,}
	
@article{Yuan2009,
	author="H. Yuan, N. Wang, and C. Liang",
	title="{Combining the Higher Order Method of Moments With Geometric Modeling by NURBS Surfaces}",
	journal=IEEE_J_AP,
	volume=57,
	number=11,
	month=nov,
	year=2009,
	pages="3558--3563"}
	
@article{Reid2015, 
	author="M. T. H. Reid and J. K. White and S. G. Johnson", 
	title="{Generalized Taylor-Duffy method for efficient evaluation of Galerkin integrals in boundary-	element method computations}", 
	journal=IEEE_J_AP,
	volume=63,
	number=1,
	month=jan,
	year=2015,
	pages="195--209"}
	

@article{Wang1975,
	author="N. N. Wang, and J. H. Richmond, and M. C. Gilreath",
	title="Sinusoidal Reaction Formulation
	for Radiation and Scattering from Conducting Surfaces",
	journal=IEEE_J_AP,
	volume = AP-23,
	number = 3,
	month = may,
	year =1975,
	pages="376–-382"}
	
@conference{Kolundzija1982,
	author="B. M. Kolundzija and A. R. Djordjevic",
	title="Analysis of Dipole Antenna with Corner
	Reflector",
	booktitle="	Proc. 7th Colloquium on Microwave Communication",  
	address="Budapest, Hungary",
	year="1982",
	pages="319–-322"
}

@article{Deshpande,
	author="M. D. Deshpande",
	title="Electromagnetic Scattering From a
	Polygonal Thin Metallic Plate Using
	Quadrilateral Meshing",
	journal="NASA/TM-2003-212165"
}
@book{Jin2014,
author = {Jin, Jianming},
title = {The Finite Element Method in Electromagnetics},
year = {2014},
isbn = {1118571363, 9781118571361},
edition = {3rd},
publisher = {Wiley-IEEE Press},
} 

@article {Stodden1240,
author = {Stodden, Victoria and McNutt, Marcia and Bailey, David H. and Deelman, Ewa and Gil, Yolanda and Hanson, Brooks and Heroux, Michael A. and Ioannidis, John P.A. and Taufer, Michela},
title = {Enhancing reproducibility for computational methods},
volume = {354},
number = {6317},
pages = {1240--1241},
year = {2016},
doi = {10.1126/science.aah6168},
publisher = {American Association for the Advancement of Science},
issn = {0036-8075},
URL = {http://science.sciencemag.org/content/354/6317/1240},
eprint = {http://science.sciencemag.org/content/354/6317/1240.full.pdf},
journal = {Science}
}

@INPROCEEDINGS{Tamayo2010, 
author={J. M. Tamayo and A. G. Polimeridis and J. M. Rius and A. Heldring and J. R. Mosig}, 
booktitle={Proceedings of the Fourth European Conference on Antennas and Propagation}, 
title={Analysis of numerical integration in the evaluation of hyper-singular integrals in Galerkin surface integral equation formulations via the direct evaluation method}, 
year={2010}, 
pages={1-5}, 
keywords={Acoustics;Electromagnetic analysis;Electromagnetic scattering;Integral equations;Kernel;Laboratories;Moment methods;Performance analysis;Signal analysis;Testing}, 
ISSN={2164-3342}, 
month={April},}

@article{Polimeridis2014,
    author = "A. G. Polimeridis and J. F. Villena and L. Daniel and J. K. White",
    title = "Stable {FFT-JVIE} solvers for fast analysis of highly inhomogeneous dielectric objects",
    journal = "Journal of Computational Physics",
    volume = 227,
    number = 14,
    year = "2014",
    pages = "7052 - 7068"}
    
@article{Polimeridis2013b,
    author="A. G. Polimeridis and J. F. Villena and L. Daniel and J. K. White",
    title="{Robust J-EFVIE solvers based on purely surface integrals}",
    journal="2013 International Conference on Electromagnetics in Advanced Applications, ICEAA'13",
    year=2013,
    pages="379--381"}
    
	
@book{WIPLD,
    author="B. M. Kolundzija and A. R. Djordjevic",
    title="{WIPL-D: Electromagnetic Modeling of Composite Metallic and Dielectric Structures. Software and User's Manual}",
    publisher="{Boston, MA: Artech House}",
    year=2000,}

@misc{DEMCEM,
      title = "{DEMCEM} package",
      year = 2011,
      url = "{https://github.com/thanospol/DEMCEM}"}

@misc{DIRECTFN,
      title = "{DIRECTFN} package",
      year = 2017,
      url = "{https://github.com/thanospol/DIRECTFN}"}
      
@article{Tambova_EuCap2017,
author = {A. A. Tambova and  G. D. Guryev and A. G. Polimeridis},
editor = {Paris, France},
title = {On the Fully Numerical Evaluation of Singular Integrals Over Coincident Quadrilateral Patches},
journal = {11th European Conference on Antennas and Propagation, March 2017, Paris, France},
}

@article{Tambova2017,
author = {A. A. Tambova and  M. S. Litsarev and  G. D. Guryev, and A. G. Polimeridis},
title = {“On the generalization of DIRECTFN for singular
integrals over quadrilateral patches},
journal = { IEEE Trans. Antennas Propag. (submitted)},
}


%%%%%%%%%%%%%%%%%%%%%%%%%%%%%%%%%%%%%%%%%%%%%%%%%%%%%%%%%%%%%%%%%%%%%%%%%%%%%%%%%%%%%%%%%%%%%
%                                       END                                                 %
%%%%%%%%%%%%%%%%%%%%%%%%%%%%%%%%%%%%%%%%%%%%%%%%%%%%%%%%%%%%%%%%%%%%%%%%%%%%%%%%%%%%%%%%%%%%%
